%YAML 1.1
%TAG !u! tag:unity3d.com,2011:
--- !u!29 &1
OcclusionCullingSettings:
  m_ObjectHideFlags: 0
  serializedVersion: 2
  m_OcclusionBakeSettings:
    smallestOccluder: 5
    smallestHole: 0.25
    backfaceThreshold: 100
  m_SceneGUID: 00000000000000000000000000000000
  m_OcclusionCullingData: {fileID: 0}
--- !u!104 &2
RenderSettings:
  m_ObjectHideFlags: 0
  serializedVersion: 9
  m_Fog: 0
  m_FogColor: {r: 0.5, g: 0.5, b: 0.5, a: 1}
  m_FogMode: 3
  m_FogDensity: 0.01
  m_LinearFogStart: 0
  m_LinearFogEnd: 300
  m_AmbientSkyColor: {r: 0, g: 0, b: 0, a: 1}
  m_AmbientEquatorColor: {r: 0.114, g: 0.125, b: 0.133, a: 1}
  m_AmbientGroundColor: {r: 0.047, g: 0.043, b: 0.035, a: 1}
  m_AmbientIntensity: 1
  m_AmbientMode: 3
  m_SubtractiveShadowColor: {r: 0, g: 0, b: 0, a: 1}
  m_SkyboxMaterial: {fileID: 0}
  m_HaloStrength: 0.5
  m_FlareStrength: 1
  m_FlareFadeSpeed: 3
  m_HaloTexture: {fileID: 0}
  m_SpotCookie: {fileID: 10001, guid: 0000000000000000e000000000000000, type: 0}
  m_DefaultReflectionMode: 1
  m_DefaultReflectionResolution: 128
  m_ReflectionBounces: 1
  m_ReflectionIntensity: 1
  m_CustomReflection: {fileID: 0}
  m_Sun: {fileID: 0}
  m_IndirectSpecularColor: {r: 0, g: 0, b: 0, a: 1}
  m_UseRadianceAmbientProbe: 0
--- !u!157 &3
LightmapSettings:
  m_ObjectHideFlags: 0
  serializedVersion: 12
  m_GIWorkflowMode: 1
  m_GISettings:
    serializedVersion: 2
    m_BounceScale: 1
    m_IndirectOutputScale: 1
    m_AlbedoBoost: 1
    m_EnvironmentLightingMode: 0
    m_EnableBakedLightmaps: 1
    m_EnableRealtimeLightmaps: 0
  m_LightmapEditorSettings:
    serializedVersion: 12
    m_Resolution: 2
    m_BakeResolution: 40
    m_AtlasSize: 1024
    m_AO: 0
    m_AOMaxDistance: 1
    m_CompAOExponent: 1
    m_CompAOExponentDirect: 0
    m_ExtractAmbientOcclusion: 0
    m_Padding: 2
    m_LightmapParameters: {fileID: 0}
    m_LightmapsBakeMode: 1
    m_TextureCompression: 1
    m_FinalGather: 0
    m_FinalGatherFiltering: 1
    m_FinalGatherRayCount: 256
    m_ReflectionCompression: 2
    m_MixedBakeMode: 2
    m_BakeBackend: 1
    m_PVRSampling: 1
    m_PVRDirectSampleCount: 32
    m_PVRSampleCount: 512
    m_PVRBounces: 2
    m_PVREnvironmentSampleCount: 256
    m_PVREnvironmentReferencePointCount: 2048
    m_PVRFilteringMode: 1
    m_PVRDenoiserTypeDirect: 1
    m_PVRDenoiserTypeIndirect: 1
    m_PVRDenoiserTypeAO: 1
    m_PVRFilterTypeDirect: 0
    m_PVRFilterTypeIndirect: 0
    m_PVRFilterTypeAO: 0
    m_PVREnvironmentMIS: 1
    m_PVRCulling: 1
    m_PVRFilteringGaussRadiusDirect: 1
    m_PVRFilteringGaussRadiusIndirect: 5
    m_PVRFilteringGaussRadiusAO: 2
    m_PVRFilteringAtrousPositionSigmaDirect: 0.5
    m_PVRFilteringAtrousPositionSigmaIndirect: 2
    m_PVRFilteringAtrousPositionSigmaAO: 1
    m_ExportTrainingData: 0
    m_TrainingDataDestination: TrainingData
    m_LightProbeSampleCountMultiplier: 4
  m_LightingDataAsset: {fileID: 0}
  m_LightingSettings: {fileID: 4890085278179872738, guid: ee435c8b6bc404744972714be5b25075, type: 2}
--- !u!196 &4
NavMeshSettings:
  serializedVersion: 2
  m_ObjectHideFlags: 0
  m_BuildSettings:
    serializedVersion: 2
    agentTypeID: 0
    agentRadius: 0.5
    agentHeight: 2
    agentSlope: 45
    agentClimb: 0.4
    ledgeDropHeight: 0
    maxJumpAcrossDistance: 0
    minRegionArea: 2
    manualCellSize: 0
    cellSize: 0.16666667
    manualTileSize: 0
    tileSize: 256
    accuratePlacement: 0
    maxJobWorkers: 0
    preserveTilesOutsideBounds: 0
    debug:
      m_Flags: 0
  m_NavMeshData: {fileID: 0}
--- !u!1 &64498770 stripped
GameObject:
  m_CorrespondingSourceObject: {fileID: 177638, guid: 0abab5bb77339e4428787a870eb31bd3, type: 3}
  m_PrefabInstance: {fileID: 595166778}
  m_PrefabAsset: {fileID: 0}
--- !u!114 &519920113 stripped
MonoBehaviour:
  m_CorrespondingSourceObject: {fileID: 9217462706384197841, guid: 007dee9cd0fa3be478f55b74e6e6280c, type: 3}
  m_PrefabInstance: {fileID: 9217462706620956960}
  m_PrefabAsset: {fileID: 0}
  m_GameObject: {fileID: 0}
  m_Enabled: 1
  m_EditorHideFlags: 0
  m_Script: {fileID: 11500000, guid: 34e83b2504d9d1c4fb6c72e1715af9a3, type: 3}
  m_Name: 
  m_EditorClassIdentifier: 
--- !u!1 &552171380
GameObject:
  m_ObjectHideFlags: 0
  m_CorrespondingSourceObject: {fileID: 0}
  m_PrefabInstance: {fileID: 0}
  m_PrefabAsset: {fileID: 0}
  serializedVersion: 6
  m_Component:
  - component: {fileID: 552171382}
  - component: {fileID: 552171381}
  m_Layer: 0
  m_Name: Spot Light
  m_TagString: Untagged
  m_Icon: {fileID: 0}
  m_NavMeshLayer: 0
  m_StaticEditorFlags: 0
  m_IsActive: 1
--- !u!108 &552171381
Light:
  m_ObjectHideFlags: 0
  m_CorrespondingSourceObject: {fileID: 0}
  m_PrefabInstance: {fileID: 0}
  m_PrefabAsset: {fileID: 0}
  m_GameObject: {fileID: 552171380}
  m_Enabled: 1
  serializedVersion: 10
  m_Type: 0
  m_Shape: 0
  m_Color: {r: 1, g: 0.95686275, b: 0.8392157, a: 1}
  m_Intensity: 1000000
  m_Range: 200
  m_SpotAngle: 100
  m_InnerSpotAngle: 30
  m_CookieSize: 10
  m_Shadows:
    m_Type: 2
    m_Resolution: -1
    m_CustomResolution: -1
    m_Strength: 1
    m_Bias: 0.02
    m_NormalBias: 0.1
    m_NearPlane: 0.1
    m_CullingMatrixOverride:
      e00: 1
      e01: 0
      e02: 0
      e03: 0
      e10: 0
      e11: 1
      e12: 0
      e13: 0
      e20: 0
      e21: 0
      e22: 1
      e23: 0
      e30: 0
      e31: 0
      e32: 0
      e33: 1
    m_UseCullingMatrixOverride: 0
  m_Cookie: {fileID: 0}
  m_DrawHalo: 0
  m_Flare: {fileID: 0}
  m_RenderMode: 0
  m_CullingMask:
    serializedVersion: 2
    m_Bits: 4294967295
  m_RenderingLayerMask: 1
  m_Lightmapping: 4
  m_LightShadowCasterMode: 0
  m_AreaSize: {x: 1, y: 1}
  m_BounceIntensity: 42
  m_ColorTemperature: 6570
  m_UseColorTemperature: 0
  m_BoundingSphereOverride: {x: 0, y: 0, z: 0, w: 0}
  m_UseBoundingSphereOverride: 0
  m_UseViewFrustumForShadowCasterCull: 1
  m_ShadowRadius: 0
  m_ShadowAngle: 0
--- !u!4 &552171382
Transform:
  m_ObjectHideFlags: 0
  m_CorrespondingSourceObject: {fileID: 0}
  m_PrefabInstance: {fileID: 0}
  m_PrefabAsset: {fileID: 0}
  m_GameObject: {fileID: 552171380}
  m_LocalRotation: {x: 0.7071068, y: 0, z: 0, w: 0.7071068}
  m_LocalPosition: {x: 0, y: 130, z: 0}
  m_LocalScale: {x: 1, y: 1, z: 1}
  m_Children: []
  m_Father: {fileID: 0}
  m_RootOrder: 9
  m_LocalEulerAnglesHint: {x: 90, y: 0, z: 0}
--- !u!1001 &595166778
PrefabInstance:
  m_ObjectHideFlags: 0
  serializedVersion: 2
  m_Modification:
    m_TransformParent: {fileID: 0}
    m_Modifications:
    - target: {fileID: 177638, guid: 0abab5bb77339e4428787a870eb31bd3, type: 3}
      propertyPath: m_Name
      value: '[Graphy]'
      objectReference: {fileID: 0}
    - target: {fileID: 11439282, guid: 0abab5bb77339e4428787a870eb31bd3, type: 3}
      propertyPath: m_PresetInfoIsWorld
      value: 0
      objectReference: {fileID: 0}
    - target: {fileID: 11496292, guid: 0abab5bb77339e4428787a870eb31bd3, type: 3}
      propertyPath: m_graphyMode
      value: 1
      objectReference: {fileID: 0}
    - target: {fileID: 11496292, guid: 0abab5bb77339e4428787a870eb31bd3, type: 3}
      propertyPath: m_fpsGraphResolution
      value: 128
      objectReference: {fileID: 0}
    - target: {fileID: 11496292, guid: 0abab5bb77339e4428787a870eb31bd3, type: 3}
      propertyPath: m_ramGraphResolution
      value: 128
      objectReference: {fileID: 0}
    - target: {fileID: 11496292, guid: 0abab5bb77339e4428787a870eb31bd3, type: 3}
      propertyPath: m_advancedModuleState
      value: 4
      objectReference: {fileID: 0}
    - target: {fileID: 11496292, guid: 0abab5bb77339e4428787a870eb31bd3, type: 3}
      propertyPath: m_graphModulePosition
      value: 1
      objectReference: {fileID: 0}
    - target: {fileID: 22451668, guid: 0abab5bb77339e4428787a870eb31bd3, type: 3}
      propertyPath: m_Pivot.x
      value: 0
      objectReference: {fileID: 0}
    - target: {fileID: 22451668, guid: 0abab5bb77339e4428787a870eb31bd3, type: 3}
      propertyPath: m_Pivot.y
      value: 0
      objectReference: {fileID: 0}
    - target: {fileID: 22451668, guid: 0abab5bb77339e4428787a870eb31bd3, type: 3}
      propertyPath: m_RootOrder
      value: 6
      objectReference: {fileID: 0}
    - target: {fileID: 22451668, guid: 0abab5bb77339e4428787a870eb31bd3, type: 3}
      propertyPath: m_AnchorMax.x
      value: 0
      objectReference: {fileID: 0}
    - target: {fileID: 22451668, guid: 0abab5bb77339e4428787a870eb31bd3, type: 3}
      propertyPath: m_AnchorMax.y
      value: 0
      objectReference: {fileID: 0}
    - target: {fileID: 22451668, guid: 0abab5bb77339e4428787a870eb31bd3, type: 3}
      propertyPath: m_AnchorMin.x
      value: 0
      objectReference: {fileID: 0}
    - target: {fileID: 22451668, guid: 0abab5bb77339e4428787a870eb31bd3, type: 3}
      propertyPath: m_AnchorMin.y
      value: 0
      objectReference: {fileID: 0}
    - target: {fileID: 22451668, guid: 0abab5bb77339e4428787a870eb31bd3, type: 3}
      propertyPath: m_SizeDelta.x
      value: 0
      objectReference: {fileID: 0}
    - target: {fileID: 22451668, guid: 0abab5bb77339e4428787a870eb31bd3, type: 3}
      propertyPath: m_SizeDelta.y
      value: 0
      objectReference: {fileID: 0}
    - target: {fileID: 22451668, guid: 0abab5bb77339e4428787a870eb31bd3, type: 3}
      propertyPath: m_LocalPosition.x
      value: 0
      objectReference: {fileID: 0}
    - target: {fileID: 22451668, guid: 0abab5bb77339e4428787a870eb31bd3, type: 3}
      propertyPath: m_LocalPosition.y
      value: 0
      objectReference: {fileID: 0}
    - target: {fileID: 22451668, guid: 0abab5bb77339e4428787a870eb31bd3, type: 3}
      propertyPath: m_LocalPosition.z
      value: 0
      objectReference: {fileID: 0}
    - target: {fileID: 22451668, guid: 0abab5bb77339e4428787a870eb31bd3, type: 3}
      propertyPath: m_LocalRotation.w
      value: 1
      objectReference: {fileID: 0}
    - target: {fileID: 22451668, guid: 0abab5bb77339e4428787a870eb31bd3, type: 3}
      propertyPath: m_LocalRotation.x
      value: 0
      objectReference: {fileID: 0}
    - target: {fileID: 22451668, guid: 0abab5bb77339e4428787a870eb31bd3, type: 3}
      propertyPath: m_LocalRotation.y
      value: 0
      objectReference: {fileID: 0}
    - target: {fileID: 22451668, guid: 0abab5bb77339e4428787a870eb31bd3, type: 3}
      propertyPath: m_LocalRotation.z
      value: 0
      objectReference: {fileID: 0}
    - target: {fileID: 22451668, guid: 0abab5bb77339e4428787a870eb31bd3, type: 3}
      propertyPath: m_AnchoredPosition.x
      value: 0
      objectReference: {fileID: 0}
    - target: {fileID: 22451668, guid: 0abab5bb77339e4428787a870eb31bd3, type: 3}
      propertyPath: m_AnchoredPosition.y
      value: 0
      objectReference: {fileID: 0}
    - target: {fileID: 22451668, guid: 0abab5bb77339e4428787a870eb31bd3, type: 3}
      propertyPath: m_LocalEulerAnglesHint.x
      value: 0
      objectReference: {fileID: 0}
    - target: {fileID: 22451668, guid: 0abab5bb77339e4428787a870eb31bd3, type: 3}
      propertyPath: m_LocalEulerAnglesHint.y
      value: 0
      objectReference: {fileID: 0}
    - target: {fileID: 22451668, guid: 0abab5bb77339e4428787a870eb31bd3, type: 3}
      propertyPath: m_LocalEulerAnglesHint.z
      value: 0
      objectReference: {fileID: 0}
    m_RemovedComponents: []
  m_SourcePrefab: {fileID: 100100000, guid: 0abab5bb77339e4428787a870eb31bd3, type: 3}
--- !u!1 &680237163
GameObject:
  m_ObjectHideFlags: 0
  m_CorrespondingSourceObject: {fileID: 0}
  m_PrefabInstance: {fileID: 0}
  m_PrefabAsset: {fileID: 0}
  serializedVersion: 6
  m_Component:
  - component: {fileID: 680237165}
  - component: {fileID: 680237164}
  m_Layer: 0
  m_Name: AudioSceneManager
  m_TagString: Untagged
  m_Icon: {fileID: 0}
  m_NavMeshLayer: 0
  m_StaticEditorFlags: 0
  m_IsActive: 1
--- !u!114 &680237164
MonoBehaviour:
  m_ObjectHideFlags: 0
  m_CorrespondingSourceObject: {fileID: 0}
  m_PrefabInstance: {fileID: 0}
  m_PrefabAsset: {fileID: 0}
  m_GameObject: {fileID: 680237163}
  m_Enabled: 1
  m_EditorHideFlags: 0
  m_Script: {fileID: 11500000, guid: b30e95f54deea734b970d94f52d2b536, type: 3}
  m_Name: 
  m_EditorClassIdentifier: 
  _spectrumAnalyzer: {fileID: 706209579}
--- !u!4 &680237165
Transform:
  m_ObjectHideFlags: 0
  m_CorrespondingSourceObject: {fileID: 0}
  m_PrefabInstance: {fileID: 0}
  m_PrefabAsset: {fileID: 0}
  m_GameObject: {fileID: 680237163}
  m_LocalRotation: {x: 0, y: 0, z: 0, w: 1}
  m_LocalPosition: {x: 310.89728, y: 291.68408, z: -42.69571}
  m_LocalScale: {x: 1, y: 1, z: 1}
  m_Children: []
  m_Father: {fileID: 0}
  m_RootOrder: 7
  m_LocalEulerAnglesHint: {x: 0, y: 0, z: 0}
--- !u!1 &706209578
GameObject:
  m_ObjectHideFlags: 0
  m_CorrespondingSourceObject: {fileID: 0}
  m_PrefabInstance: {fileID: 0}
  m_PrefabAsset: {fileID: 0}
  serializedVersion: 6
  m_Component:
  - component: {fileID: 706209580}
  - component: {fileID: 706209579}
  m_Layer: 0
  m_Name: AudioLevelTracker
  m_TagString: Untagged
  m_Icon: {fileID: 0}
  m_NavMeshLayer: 0
  m_StaticEditorFlags: 0
  m_IsActive: 1
--- !u!114 &706209579
MonoBehaviour:
  m_ObjectHideFlags: 0
  m_CorrespondingSourceObject: {fileID: 0}
  m_PrefabInstance: {fileID: 0}
  m_PrefabAsset: {fileID: 0}
  m_GameObject: {fileID: 706209578}
  m_Enabled: 1
  m_EditorHideFlags: 0
  m_Script: {fileID: 11500000, guid: 51ea4a27c5e58a544a213e784cc61190, type: 3}
  m_Name: 
  m_EditorClassIdentifier: 
  _useDefaultDevice: 0
  _deviceID: 
  _channel: 0
  _resolution: 512
  _autoGain: 1
  _gain: 40
  _dynamicRange: 40
--- !u!4 &706209580
Transform:
  m_ObjectHideFlags: 0
  m_CorrespondingSourceObject: {fileID: 0}
  m_PrefabInstance: {fileID: 0}
  m_PrefabAsset: {fileID: 0}
  m_GameObject: {fileID: 706209578}
  m_LocalRotation: {x: 0, y: 0, z: 0, w: 1}
  m_LocalPosition: {x: 0.82753706, y: 0.15181446, z: -0.9338169}
  m_LocalScale: {x: 1, y: 1, z: 1}
  m_Children: []
  m_Father: {fileID: 0}
  m_RootOrder: 0
  m_LocalEulerAnglesHint: {x: 0, y: 0, z: 0}
--- !u!1 &981985099
GameObject:
  m_ObjectHideFlags: 0
  m_CorrespondingSourceObject: {fileID: 0}
  m_PrefabInstance: {fileID: 0}
  m_PrefabAsset: {fileID: 0}
  serializedVersion: 6
  m_Component:
  - component: {fileID: 981985102}
  - component: {fileID: 981985101}
  - component: {fileID: 981985100}
  - component: {fileID: 981985103}
  m_Layer: 0
  m_Name: Main Camera
  m_TagString: MainCamera
  m_Icon: {fileID: 0}
  m_NavMeshLayer: 0
  m_StaticEditorFlags: 0
  m_IsActive: 1
--- !u!81 &981985100
AudioListener:
  m_ObjectHideFlags: 0
  m_CorrespondingSourceObject: {fileID: 0}
  m_PrefabInstance: {fileID: 0}
  m_PrefabAsset: {fileID: 0}
  m_GameObject: {fileID: 981985099}
  m_Enabled: 1
--- !u!20 &981985101
Camera:
  m_ObjectHideFlags: 0
  m_CorrespondingSourceObject: {fileID: 0}
  m_PrefabInstance: {fileID: 0}
  m_PrefabAsset: {fileID: 0}
  m_GameObject: {fileID: 981985099}
  m_Enabled: 1
  serializedVersion: 2
  m_ClearFlags: 2
  m_BackGroundColor: {r: 0, g: 0, b: 0, a: 0}
  m_projectionMatrixMode: 1
  m_GateFitMode: 2
  m_FOVAxisMode: 0
  m_SensorSize: {x: 36, y: 24}
  m_LensShift: {x: 0, y: 0}
  m_FocalLength: 50
  m_NormalizedViewPortRect:
    serializedVersion: 2
    x: 0
    y: 0
    width: 1
    height: 1
  near clip plane: 0.3
  far clip plane: 1000
  field of view: 60
  orthographic: 0
  orthographic size: 5
  m_Depth: -1
  m_CullingMask:
    serializedVersion: 2
    m_Bits: 4294967295
  m_RenderingPath: -1
  m_TargetTexture: {fileID: 0}
  m_TargetDisplay: 0
  m_TargetEye: 3
  m_HDR: 1
  m_AllowMSAA: 1
  m_AllowDynamicResolution: 0
  m_ForceIntoRT: 0
  m_OcclusionCulling: 1
  m_StereoConvergence: 10
  m_StereoSeparation: 0.022
--- !u!4 &981985102
Transform:
  m_ObjectHideFlags: 0
  m_CorrespondingSourceObject: {fileID: 0}
  m_PrefabInstance: {fileID: 0}
  m_PrefabAsset: {fileID: 0}
  m_GameObject: {fileID: 981985099}
  m_LocalRotation: {x: 0.32556805, y: 0, z: 0, w: 0.9455186}
  m_LocalPosition: {x: -1.3, y: 142, z: -172.3}
  m_LocalScale: {x: 1, y: 1, z: 1}
  m_Children: []
  m_Father: {fileID: 1105294049}
  m_RootOrder: 0
  m_LocalEulerAnglesHint: {x: 38, y: 0, z: 0}
--- !u!114 &981985103
MonoBehaviour:
  m_ObjectHideFlags: 0
  m_CorrespondingSourceObject: {fileID: 0}
  m_PrefabInstance: {fileID: 0}
  m_PrefabAsset: {fileID: 0}
  m_GameObject: {fileID: 981985099}
  m_Enabled: 1
  m_EditorHideFlags: 0
  m_Script: {fileID: 11500000, guid: a79441f348de89743a2939f4d699eac1, type: 3}
  m_Name: 
  m_EditorClassIdentifier: 
  m_RenderShadows: 0
  m_RequiresDepthTextureOption: 2
  m_RequiresOpaqueTextureOption: 2
  m_CameraType: 0
  m_Cameras: []
  m_RendererIndex: -1
  m_VolumeLayerMask:
    serializedVersion: 2
    m_Bits: 1
  m_VolumeTrigger: {fileID: 0}
  m_RenderPostProcessing: 1
  m_Antialiasing: 2
  m_AntialiasingQuality: 2
  m_StopNaN: 0
  m_Dithering: 1
  m_ClearDepth: 1
  m_AllowXRRendering: 1
  m_RequiresDepthTexture: 0
  m_RequiresColorTexture: 0
  m_Version: 2
--- !u!1 &1105294048
GameObject:
  m_ObjectHideFlags: 0
  m_CorrespondingSourceObject: {fileID: 0}
  m_PrefabInstance: {fileID: 0}
  m_PrefabAsset: {fileID: 0}
  serializedVersion: 6
  m_Component:
  - component: {fileID: 1105294049}
  m_Layer: 0
  m_Name: CameraParent
  m_TagString: Untagged
  m_Icon: {fileID: 0}
  m_NavMeshLayer: 0
  m_StaticEditorFlags: 0
  m_IsActive: 1
--- !u!4 &1105294049
Transform:
  m_ObjectHideFlags: 0
  m_CorrespondingSourceObject: {fileID: 0}
  m_PrefabInstance: {fileID: 0}
  m_PrefabAsset: {fileID: 0}
  m_GameObject: {fileID: 1105294048}
  m_LocalRotation: {x: 0, y: 0, z: 0, w: 1}
  m_LocalPosition: {x: 0, y: 0, z: 0}
  m_LocalScale: {x: 1, y: 1, z: 1}
  m_Children:
  - {fileID: 981985102}
  m_Father: {fileID: 0}
  m_RootOrder: 5
  m_LocalEulerAnglesHint: {x: 0, y: 0, z: 0}
--- !u!1 &1771755867
GameObject:
  m_ObjectHideFlags: 0
  m_CorrespondingSourceObject: {fileID: 0}
  m_PrefabInstance: {fileID: 0}
  m_PrefabAsset: {fileID: 0}
  serializedVersion: 6
  m_Component:
  - component: {fileID: 1771755871}
  - component: {fileID: 1771755870}
  - component: {fileID: 1771755869}
  - component: {fileID: 1771755868}
  m_Layer: 0
  m_Name: Plane
  m_TagString: Untagged
  m_Icon: {fileID: 0}
  m_NavMeshLayer: 0
  m_StaticEditorFlags: 0
  m_IsActive: 1
--- !u!64 &1771755868
MeshCollider:
  m_ObjectHideFlags: 0
  m_CorrespondingSourceObject: {fileID: 0}
  m_PrefabInstance: {fileID: 0}
  m_PrefabAsset: {fileID: 0}
  m_GameObject: {fileID: 1771755867}
  m_Material: {fileID: 0}
  m_IsTrigger: 0
  m_Enabled: 1
  serializedVersion: 4
  m_Convex: 0
  m_CookingOptions: 30
  m_Mesh: {fileID: 10209, guid: 0000000000000000e000000000000000, type: 0}
--- !u!23 &1771755869
MeshRenderer:
  m_ObjectHideFlags: 0
  m_CorrespondingSourceObject: {fileID: 0}
  m_PrefabInstance: {fileID: 0}
  m_PrefabAsset: {fileID: 0}
  m_GameObject: {fileID: 1771755867}
  m_Enabled: 1
  m_CastShadows: 1
  m_ReceiveShadows: 1
  m_DynamicOccludee: 1
  m_MotionVectors: 1
  m_LightProbeUsage: 1
  m_ReflectionProbeUsage: 1
  m_RayTracingMode: 2
  m_RayTraceProcedural: 0
  m_RenderingLayerMask: 1
  m_RendererPriority: 0
  m_Materials:
  - {fileID: 2100000, guid: ced4376ea884ee145af64ba54878c37f, type: 2}
  m_StaticBatchInfo:
    firstSubMesh: 0
    subMeshCount: 0
  m_StaticBatchRoot: {fileID: 0}
  m_ProbeAnchor: {fileID: 0}
  m_LightProbeVolumeOverride: {fileID: 0}
  m_ScaleInLightmap: 1
  m_ReceiveGI: 1
  m_PreserveUVs: 0
  m_IgnoreNormalsForChartDetection: 0
  m_ImportantGI: 0
  m_StitchLightmapSeams: 1
  m_SelectedEditorRenderState: 3
  m_MinimumChartSize: 4
  m_AutoUVMaxDistance: 0.5
  m_AutoUVMaxAngle: 89
  m_LightmapParameters: {fileID: 0}
  m_SortingLayerID: 0
  m_SortingLayer: 0
  m_SortingOrder: 0
  m_AdditionalVertexStreams: {fileID: 0}
--- !u!33 &1771755870
MeshFilter:
  m_ObjectHideFlags: 0
  m_CorrespondingSourceObject: {fileID: 0}
  m_PrefabInstance: {fileID: 0}
  m_PrefabAsset: {fileID: 0}
  m_GameObject: {fileID: 1771755867}
  m_Mesh: {fileID: 10209, guid: 0000000000000000e000000000000000, type: 0}
--- !u!4 &1771755871
Transform:
  m_ObjectHideFlags: 0
  m_CorrespondingSourceObject: {fileID: 0}
  m_PrefabInstance: {fileID: 0}
  m_PrefabAsset: {fileID: 0}
  m_GameObject: {fileID: 1771755867}
  m_LocalRotation: {x: 0, y: 0, z: 0, w: 1}
  m_LocalPosition: {x: 0, y: -15, z: 0}
  m_LocalScale: {x: 1000, y: 1, z: 1000}
  m_Children: []
  m_Father: {fileID: 0}
  m_RootOrder: 8
  m_LocalEulerAnglesHint: {x: 0, y: 0, z: 0}
--- !u!1 &1871129670
GameObject:
  m_ObjectHideFlags: 0
  m_CorrespondingSourceObject: {fileID: 0}
  m_PrefabInstance: {fileID: 0}
  m_PrefabAsset: {fileID: 0}
  serializedVersion: 6
  m_Component:
  - component: {fileID: 1871129673}
  - component: {fileID: 1871129672}
  - component: {fileID: 1871129671}
  m_Layer: 0
  m_Name: EventSystem
  m_TagString: Untagged
  m_Icon: {fileID: 0}
  m_NavMeshLayer: 0
  m_StaticEditorFlags: 0
  m_IsActive: 1
--- !u!114 &1871129671
MonoBehaviour:
  m_ObjectHideFlags: 0
  m_CorrespondingSourceObject: {fileID: 0}
  m_PrefabInstance: {fileID: 0}
  m_PrefabAsset: {fileID: 0}
  m_GameObject: {fileID: 1871129670}
  m_Enabled: 1
  m_EditorHideFlags: 0
  m_Script: {fileID: 11500000, guid: 4f231c4fb786f3946a6b90b886c48677, type: 3}
  m_Name: 
  m_EditorClassIdentifier: 
  m_HorizontalAxis: Horizontal
  m_VerticalAxis: Vertical
  m_SubmitButton: Submit
  m_CancelButton: Cancel
  m_InputActionsPerSecond: 10
  m_RepeatDelay: 0.5
  m_ForceModuleActive: 0
--- !u!114 &1871129672
MonoBehaviour:
  m_ObjectHideFlags: 0
  m_CorrespondingSourceObject: {fileID: 0}
  m_PrefabInstance: {fileID: 0}
  m_PrefabAsset: {fileID: 0}
  m_GameObject: {fileID: 1871129670}
  m_Enabled: 1
  m_EditorHideFlags: 0
  m_Script: {fileID: 11500000, guid: 76c392e42b5098c458856cdf6ecaaaa1, type: 3}
  m_Name: 
  m_EditorClassIdentifier: 
  m_FirstSelected: {fileID: 0}
  m_sendNavigationEvents: 1
  m_DragThreshold: 10
--- !u!4 &1871129673
Transform:
  m_ObjectHideFlags: 0
  m_CorrespondingSourceObject: {fileID: 0}
  m_PrefabInstance: {fileID: 0}
  m_PrefabAsset: {fileID: 0}
  m_GameObject: {fileID: 1871129670}
  m_LocalRotation: {x: 0, y: 0, z: 0, w: 1}
  m_LocalPosition: {x: 0, y: 0, z: 0}
  m_LocalScale: {x: 1, y: 1, z: 1}
  m_Children: []
  m_Father: {fileID: 0}
  m_RootOrder: 4
  m_LocalEulerAnglesHint: {x: 0, y: 0, z: 0}
--- !u!1 &2029879660
GameObject:
  m_ObjectHideFlags: 0
  m_CorrespondingSourceObject: {fileID: 0}
  m_PrefabInstance: {fileID: 0}
  m_PrefabAsset: {fileID: 0}
  serializedVersion: 6
  m_Component:
  - component: {fileID: 2029879662}
  - component: {fileID: 2029879661}
  m_Layer: 0
  m_Name: InitCubes
  m_TagString: Untagged
  m_Icon: {fileID: 0}
  m_NavMeshLayer: 0
  m_StaticEditorFlags: 0
  m_IsActive: 1
--- !u!114 &2029879661
MonoBehaviour:
  m_ObjectHideFlags: 0
  m_CorrespondingSourceObject: {fileID: 0}
  m_PrefabInstance: {fileID: 0}
  m_PrefabAsset: {fileID: 0}
  m_GameObject: {fileID: 2029879660}
  m_Enabled: 1
  m_EditorHideFlags: 0
  m_Script: {fileID: 11500000, guid: f6ea796c8a22e524d8c1c07e7c65b211, type: 3}
  m_Name: 
  m_EditorClassIdentifier: 
  _guiController: {fileID: 519920113}
  _cameraParent: {fileID: 1105294049}
  _light: {fileID: 552171381}
  SampleCubePrefab: {fileID: 2373268889795302369, guid: de399acef995f4e458163c9ca1830a96, type: 3}
  _gradientColor:
    serializedVersion: 2
    key0: {r: 1, g: 0, b: 0.8510637, a: 1}
    key1: {r: 1, g: 0.7206769, b: 0, a: 1}
    key2: {r: 0, g: 0, b: 0, a: 0}
    key3: {r: 0, g: 0, b: 0, a: 0}
    key4: {r: 0, g: 0, b: 0, a: 0}
    key5: {r: 0, g: 0, b: 0, a: 0}
    key6: {r: 0, g: 0, b: 0, a: 0}
    key7: {r: 0, g: 0, b: 0, a: 0}
    ctime0: 0
    ctime1: 39707
    ctime2: 0
    ctime3: 0
    ctime4: 0
    ctime5: 0
    ctime6: 0
    ctime7: 0
    atime0: 66
    atime1: 65535
    atime2: 65535
    atime3: 65535
    atime4: 0
    atime5: 0
    atime6: 0
    atime7: 0
    m_Mode: 0
    m_NumColorKeys: 2
    m_NumAlphaKeys: 2
  _spectrumAnalyzer: {fileID: 706209579}
  _scaleMulti: 100
  _speedOfLerp: 100
--- !u!4 &2029879662
Transform:
  m_ObjectHideFlags: 0
  m_CorrespondingSourceObject: {fileID: 0}
  m_PrefabInstance: {fileID: 0}
  m_PrefabAsset: {fileID: 0}
  m_GameObject: {fileID: 2029879660}
  m_LocalRotation: {x: 0, y: 0, z: 0, w: 1}
  m_LocalPosition: {x: 0, y: 0, z: 0}
  m_LocalScale: {x: 1, y: 1, z: 1}
  m_Children: []
  m_Father: {fileID: 0}
  m_RootOrder: 1
  m_LocalEulerAnglesHint: {x: 0, y: 0, z: 0}
--- !u!1 &2088475881
GameObject:
  m_ObjectHideFlags: 0
  m_CorrespondingSourceObject: {fileID: 0}
  m_PrefabInstance: {fileID: 0}
  m_PrefabAsset: {fileID: 0}
  serializedVersion: 6
  m_Component:
  - component: {fileID: 2088475882}
  - component: {fileID: 2088475883}
  m_Layer: 0
  m_Name: PostProcess
  m_TagString: Untagged
  m_Icon: {fileID: 0}
  m_NavMeshLayer: 0
  m_StaticEditorFlags: 0
  m_IsActive: 1
--- !u!4 &2088475882
Transform:
  m_ObjectHideFlags: 0
  m_CorrespondingSourceObject: {fileID: 0}
  m_PrefabInstance: {fileID: 0}
  m_PrefabAsset: {fileID: 0}
  m_GameObject: {fileID: 2088475881}
  m_LocalRotation: {x: 0, y: 0, z: 0, w: 1}
  m_LocalPosition: {x: 16.761225, y: 1.2227669, z: -47.150093}
  m_LocalScale: {x: 1, y: 1, z: 1}
  m_Children: []
  m_Father: {fileID: 0}
  m_RootOrder: 2
  m_LocalEulerAnglesHint: {x: 0, y: 0, z: 0}
--- !u!114 &2088475883
MonoBehaviour:
  m_ObjectHideFlags: 0
  m_CorrespondingSourceObject: {fileID: 0}
  m_PrefabInstance: {fileID: 0}
  m_PrefabAsset: {fileID: 0}
  m_GameObject: {fileID: 2088475881}
  m_Enabled: 1
  m_EditorHideFlags: 0
  m_Script: {fileID: 11500000, guid: 172515602e62fb746b5d573b38a5fe58, type: 3}
  m_Name: 
  m_EditorClassIdentifier: 
  isGlobal: 1
  priority: 0
  blendDistance: 0
  weight: 1
  sharedProfile: {fileID: 11400000, guid: 55d91cce6942b7f4387d3259729c1f92, type: 2}
--- !u!1001 &9217462706620956960
PrefabInstance:
  m_ObjectHideFlags: 0
  serializedVersion: 2
  m_Modification:
    m_TransformParent: {fileID: 0}
    m_Modifications:
    - target: {fileID: 1216065622204002921, guid: 007dee9cd0fa3be478f55b74e6e6280c, type: 3}
      propertyPath: m_AnchorMax.y
      value: 0
      objectReference: {fileID: 0}
    - target: {fileID: 1216065623482425797, guid: 007dee9cd0fa3be478f55b74e6e6280c, type: 3}
      propertyPath: m_AnchorMax.y
      value: 0
      objectReference: {fileID: 0}
    - target: {fileID: 1216065623482425797, guid: 007dee9cd0fa3be478f55b74e6e6280c, type: 3}
      propertyPath: m_AnchorMin.y
      value: 0
      objectReference: {fileID: 0}
    - target: {fileID: 1216065623482425797, guid: 007dee9cd0fa3be478f55b74e6e6280c, type: 3}
      propertyPath: m_AnchoredPosition.x
      value: 0
      objectReference: {fileID: 0}
    - target: {fileID: 1216065623482425797, guid: 007dee9cd0fa3be478f55b74e6e6280c, type: 3}
      propertyPath: m_AnchoredPosition.y
      value: 0
      objectReference: {fileID: 0}
    - target: {fileID: 1216065624155821260, guid: 007dee9cd0fa3be478f55b74e6e6280c, type: 3}
      propertyPath: m_AnchorMax.y
      value: 0
      objectReference: {fileID: 0}
    - target: {fileID: 1434917137265718349, guid: 007dee9cd0fa3be478f55b74e6e6280c, type: 3}
      propertyPath: m_PresetInfoIsWorld
      value: 0
      objectReference: {fileID: 0}
    - target: {fileID: 2031173638257318415, guid: 007dee9cd0fa3be478f55b74e6e6280c, type: 3}
      propertyPath: m_AnchorMax.x
      value: 0
      objectReference: {fileID: 0}
    - target: {fileID: 2031173638257318415, guid: 007dee9cd0fa3be478f55b74e6e6280c, type: 3}
      propertyPath: m_AnchorMax.y
      value: 0
      objectReference: {fileID: 0}
    - target: {fileID: 2031173638257318415, guid: 007dee9cd0fa3be478f55b74e6e6280c, type: 3}
      propertyPath: m_AnchorMin.y
      value: 0
      objectReference: {fileID: 0}
    - target: {fileID: 2325577175310699941, guid: 007dee9cd0fa3be478f55b74e6e6280c, type: 3}
      propertyPath: m_AnchorMax.y
      value: 0
      objectReference: {fileID: 0}
    - target: {fileID: 2325577175310699941, guid: 007dee9cd0fa3be478f55b74e6e6280c, type: 3}
      propertyPath: m_AnchorMin.y
      value: 0
      objectReference: {fileID: 0}
    - target: {fileID: 2325577175310699941, guid: 007dee9cd0fa3be478f55b74e6e6280c, type: 3}
      propertyPath: m_AnchoredPosition.x
      value: 0
      objectReference: {fileID: 0}
    - target: {fileID: 2325577175310699941, guid: 007dee9cd0fa3be478f55b74e6e6280c, type: 3}
      propertyPath: m_AnchoredPosition.y
      value: 0
      objectReference: {fileID: 0}
    - target: {fileID: 2325577175715182764, guid: 007dee9cd0fa3be478f55b74e6e6280c, type: 3}
      propertyPath: m_AnchorMax.y
      value: 0
      objectReference: {fileID: 0}
    - target: {fileID: 2325577176047803913, guid: 007dee9cd0fa3be478f55b74e6e6280c, type: 3}
      propertyPath: m_AnchorMax.y
      value: 0
      objectReference: {fileID: 0}
    - target: {fileID: 2356685058912703346, guid: 007dee9cd0fa3be478f55b74e6e6280c, type: 3}
      propertyPath: m_IsActive
      value: 1
      objectReference: {fileID: 0}
    - target: {fileID: 3114446101909357157, guid: 007dee9cd0fa3be478f55b74e6e6280c, type: 3}
      propertyPath: m_AnchorMax.y
      value: 0
      objectReference: {fileID: 0}
    - target: {fileID: 3114446102306010988, guid: 007dee9cd0fa3be478f55b74e6e6280c, type: 3}
      propertyPath: m_AnchorMax.y
      value: 0
      objectReference: {fileID: 0}
    - target: {fileID: 3114446102306010988, guid: 007dee9cd0fa3be478f55b74e6e6280c, type: 3}
      propertyPath: m_AnchorMin.y
      value: 0
      objectReference: {fileID: 0}
    - target: {fileID: 3114446102306010988, guid: 007dee9cd0fa3be478f55b74e6e6280c, type: 3}
      propertyPath: m_AnchoredPosition.x
      value: 0
      objectReference: {fileID: 0}
    - target: {fileID: 3114446102306010988, guid: 007dee9cd0fa3be478f55b74e6e6280c, type: 3}
      propertyPath: m_AnchoredPosition.y
      value: 0
      objectReference: {fileID: 0}
    - target: {fileID: 3114446103852868800, guid: 007dee9cd0fa3be478f55b74e6e6280c, type: 3}
      propertyPath: m_AnchorMax.y
      value: 0
      objectReference: {fileID: 0}
    - target: {fileID: 4873499661489857268, guid: 007dee9cd0fa3be478f55b74e6e6280c, type: 3}
      propertyPath: m_Size
      value: 1
      objectReference: {fileID: 0}
    - target: {fileID: 4873499661489857268, guid: 007dee9cd0fa3be478f55b74e6e6280c, type: 3}
      propertyPath: m_Value
      value: 1
      objectReference: {fileID: 0}
    - target: {fileID: 4873499661489857268, guid: 007dee9cd0fa3be478f55b74e6e6280c, type: 3}
      propertyPath: m_Direction
      value: 2
      objectReference: {fileID: 0}
    - target: {fileID: 5251793897871001842, guid: 007dee9cd0fa3be478f55b74e6e6280c, type: 3}
      propertyPath: m_AnchorMax.y
      value: 0
      objectReference: {fileID: 0}
    - target: {fileID: 5251793898742291294, guid: 007dee9cd0fa3be478f55b74e6e6280c, type: 3}
      propertyPath: m_AnchorMax.y
      value: 0
      objectReference: {fileID: 0}
    - target: {fileID: 5251793898742291294, guid: 007dee9cd0fa3be478f55b74e6e6280c, type: 3}
      propertyPath: m_AnchorMin.y
      value: 0
      objectReference: {fileID: 0}
    - target: {fileID: 5251793898742291294, guid: 007dee9cd0fa3be478f55b74e6e6280c, type: 3}
      propertyPath: m_AnchoredPosition.x
      value: 0
      objectReference: {fileID: 0}
    - target: {fileID: 5251793898742291294, guid: 007dee9cd0fa3be478f55b74e6e6280c, type: 3}
      propertyPath: m_AnchoredPosition.y
      value: 0
      objectReference: {fileID: 0}
    - target: {fileID: 5251793899151552087, guid: 007dee9cd0fa3be478f55b74e6e6280c, type: 3}
      propertyPath: m_AnchorMax.y
      value: 0
      objectReference: {fileID: 0}
    - target: {fileID: 5287347491739301770, guid: 007dee9cd0fa3be478f55b74e6e6280c, type: 3}
      propertyPath: m_AnchorMax.y
      value: 0
      objectReference: {fileID: 0}
    - target: {fileID: 5287347492080046383, guid: 007dee9cd0fa3be478f55b74e6e6280c, type: 3}
      propertyPath: m_AnchorMax.y
      value: 0
      objectReference: {fileID: 0}
    - target: {fileID: 5287347492476625958, guid: 007dee9cd0fa3be478f55b74e6e6280c, type: 3}
      propertyPath: m_AnchorMax.y
      value: 0
      objectReference: {fileID: 0}
    - target: {fileID: 5287347492476625958, guid: 007dee9cd0fa3be478f55b74e6e6280c, type: 3}
      propertyPath: m_AnchorMin.y
      value: 0
      objectReference: {fileID: 0}
    - target: {fileID: 5287347492476625958, guid: 007dee9cd0fa3be478f55b74e6e6280c, type: 3}
      propertyPath: m_AnchoredPosition.x
      value: 0
      objectReference: {fileID: 0}
    - target: {fileID: 5287347492476625958, guid: 007dee9cd0fa3be478f55b74e6e6280c, type: 3}
      propertyPath: m_AnchoredPosition.y
      value: 0
      objectReference: {fileID: 0}
    - target: {fileID: 5443816998185880043, guid: 007dee9cd0fa3be478f55b74e6e6280c, type: 3}
      propertyPath: m_AnchorMax.y
      value: 0
      objectReference: {fileID: 0}
    - target: {fileID: 5443816998790830663, guid: 007dee9cd0fa3be478f55b74e6e6280c, type: 3}
      propertyPath: m_AnchorMax.y
      value: 0
      objectReference: {fileID: 0}
    - target: {fileID: 5443816998790830663, guid: 007dee9cd0fa3be478f55b74e6e6280c, type: 3}
      propertyPath: m_AnchorMin.y
      value: 0
      objectReference: {fileID: 0}
    - target: {fileID: 5443816998790830663, guid: 007dee9cd0fa3be478f55b74e6e6280c, type: 3}
      propertyPath: m_AnchoredPosition.x
      value: 0
      objectReference: {fileID: 0}
    - target: {fileID: 5443816998790830663, guid: 007dee9cd0fa3be478f55b74e6e6280c, type: 3}
      propertyPath: m_AnchoredPosition.y
      value: 0
      objectReference: {fileID: 0}
    - target: {fileID: 5443816999464333134, guid: 007dee9cd0fa3be478f55b74e6e6280c, type: 3}
      propertyPath: m_AnchorMax.y
      value: 0
      objectReference: {fileID: 0}
    - target: {fileID: 5952269142565878772, guid: 007dee9cd0fa3be478f55b74e6e6280c, type: 3}
      propertyPath: m_AnchorMax.y
      value: 0
      objectReference: {fileID: 0}
    - target: {fileID: 5952269143444020561, guid: 007dee9cd0fa3be478f55b74e6e6280c, type: 3}
      propertyPath: m_AnchorMax.y
      value: 0
      objectReference: {fileID: 0}
    - target: {fileID: 5952269143840073816, guid: 007dee9cd0fa3be478f55b74e6e6280c, type: 3}
      propertyPath: m_AnchorMax.y
      value: 0
      objectReference: {fileID: 0}
    - target: {fileID: 5952269143840073816, guid: 007dee9cd0fa3be478f55b74e6e6280c, type: 3}
      propertyPath: m_AnchorMin.y
      value: 0
      objectReference: {fileID: 0}
    - target: {fileID: 5952269143840073816, guid: 007dee9cd0fa3be478f55b74e6e6280c, type: 3}
      propertyPath: m_AnchoredPosition.x
      value: 0
      objectReference: {fileID: 0}
    - target: {fileID: 5952269143840073816, guid: 007dee9cd0fa3be478f55b74e6e6280c, type: 3}
      propertyPath: m_AnchoredPosition.y
      value: 0
      objectReference: {fileID: 0}
    - target: {fileID: 7055316352558876304, guid: 007dee9cd0fa3be478f55b74e6e6280c, type: 3}
      propertyPath: m_AnchorMax.y
      value: 0
      objectReference: {fileID: 0}
    - target: {fileID: 7055316352558876304, guid: 007dee9cd0fa3be478f55b74e6e6280c, type: 3}
      propertyPath: m_AnchorMin.y
      value: 0
      objectReference: {fileID: 0}
    - target: {fileID: 7055316352558876304, guid: 007dee9cd0fa3be478f55b74e6e6280c, type: 3}
      propertyPath: m_AnchoredPosition.x
      value: 0
      objectReference: {fileID: 0}
    - target: {fileID: 7055316352558876304, guid: 007dee9cd0fa3be478f55b74e6e6280c, type: 3}
      propertyPath: m_AnchoredPosition.y
      value: 0
      objectReference: {fileID: 0}
    - target: {fileID: 7055316352959132569, guid: 007dee9cd0fa3be478f55b74e6e6280c, type: 3}
      propertyPath: m_AnchorMax.y
      value: 0
      objectReference: {fileID: 0}
    - target: {fileID: 7055316353702794556, guid: 007dee9cd0fa3be478f55b74e6e6280c, type: 3}
      propertyPath: m_AnchorMax.y
      value: 0
      objectReference: {fileID: 0}
    - target: {fileID: 7264081656679563434, guid: 007dee9cd0fa3be478f55b74e6e6280c, type: 3}
      propertyPath: m_AnchorMax.y
      value: 0
      objectReference: {fileID: 0}
    - target: {fileID: 7264081657412888079, guid: 007dee9cd0fa3be478f55b74e6e6280c, type: 3}
      propertyPath: m_AnchorMax.y
      value: 0
      objectReference: {fileID: 0}
    - target: {fileID: 7264081657821549318, guid: 007dee9cd0fa3be478f55b74e6e6280c, type: 3}
      propertyPath: m_AnchorMax.y
      value: 0
      objectReference: {fileID: 0}
    - target: {fileID: 7264081657821549318, guid: 007dee9cd0fa3be478f55b74e6e6280c, type: 3}
      propertyPath: m_AnchorMin.y
      value: 0
      objectReference: {fileID: 0}
    - target: {fileID: 7264081657821549318, guid: 007dee9cd0fa3be478f55b74e6e6280c, type: 3}
      propertyPath: m_AnchoredPosition.x
      value: 0
      objectReference: {fileID: 0}
    - target: {fileID: 7264081657821549318, guid: 007dee9cd0fa3be478f55b74e6e6280c, type: 3}
      propertyPath: m_AnchoredPosition.y
      value: 0
      objectReference: {fileID: 0}
    - target: {fileID: 7396843190081590444, guid: 007dee9cd0fa3be478f55b74e6e6280c, type: 3}
      propertyPath: m_SizeDelta.x
      value: 0
      objectReference: {fileID: 0}
    - target: {fileID: 7396843190081590444, guid: 007dee9cd0fa3be478f55b74e6e6280c, type: 3}
      propertyPath: m_SizeDelta.y
      value: 0
      objectReference: {fileID: 0}
    - target: {fileID: 7396843190081590444, guid: 007dee9cd0fa3be478f55b74e6e6280c, type: 3}
      propertyPath: m_AnchoredPosition.y
      value: -0.000091552734
      objectReference: {fileID: 0}
    - target: {fileID: 7937278845829890103, guid: 007dee9cd0fa3be478f55b74e6e6280c, type: 3}
      propertyPath: m_AnchorMax.y
      value: 0
      objectReference: {fileID: 0}
    - target: {fileID: 7937278846226478398, guid: 007dee9cd0fa3be478f55b74e6e6280c, type: 3}
      propertyPath: m_AnchorMax.y
      value: 0
      objectReference: {fileID: 0}
    - target: {fileID: 7937278846226478398, guid: 007dee9cd0fa3be478f55b74e6e6280c, type: 3}
      propertyPath: m_AnchorMin.y
      value: 0
      objectReference: {fileID: 0}
    - target: {fileID: 7937278846226478398, guid: 007dee9cd0fa3be478f55b74e6e6280c, type: 3}
      propertyPath: m_AnchoredPosition.x
      value: 0
      objectReference: {fileID: 0}
    - target: {fileID: 7937278846226478398, guid: 007dee9cd0fa3be478f55b74e6e6280c, type: 3}
      propertyPath: m_AnchoredPosition.y
      value: 0
      objectReference: {fileID: 0}
    - target: {fileID: 7937278847773206162, guid: 007dee9cd0fa3be478f55b74e6e6280c, type: 3}
      propertyPath: m_AnchorMax.y
      value: 0
      objectReference: {fileID: 0}
    - target: {fileID: 8115403760503580048, guid: 007dee9cd0fa3be478f55b74e6e6280c, type: 3}
      propertyPath: m_AnchorMax.y
      value: 0
      objectReference: {fileID: 0}
    - target: {fileID: 8115403760503580048, guid: 007dee9cd0fa3be478f55b74e6e6280c, type: 3}
      propertyPath: m_AnchorMin.y
      value: 0
      objectReference: {fileID: 0}
    - target: {fileID: 8115403760503580048, guid: 007dee9cd0fa3be478f55b74e6e6280c, type: 3}
      propertyPath: m_AnchoredPosition.x
      value: 0
      objectReference: {fileID: 0}
    - target: {fileID: 8115403760503580048, guid: 007dee9cd0fa3be478f55b74e6e6280c, type: 3}
      propertyPath: m_AnchoredPosition.y
      value: 0
      objectReference: {fileID: 0}
    - target: {fileID: 8115403761176514713, guid: 007dee9cd0fa3be478f55b74e6e6280c, type: 3}
      propertyPath: m_AnchorMax.y
      value: 0
      objectReference: {fileID: 0}
    - target: {fileID: 8115403761508955708, guid: 007dee9cd0fa3be478f55b74e6e6280c, type: 3}
      propertyPath: m_AnchorMax.y
      value: 0
      objectReference: {fileID: 0}
    - target: {fileID: 8197904058543254868, guid: 007dee9cd0fa3be478f55b74e6e6280c, type: 3}
      propertyPath: m_AnchorMax.y
      value: 0
      objectReference: {fileID: 0}
    - target: {fileID: 8197904058543254868, guid: 007dee9cd0fa3be478f55b74e6e6280c, type: 3}
      propertyPath: m_AnchorMin.y
      value: 0
      objectReference: {fileID: 0}
    - target: {fileID: 8197904058543254868, guid: 007dee9cd0fa3be478f55b74e6e6280c, type: 3}
      propertyPath: m_AnchoredPosition.x
      value: 0
      objectReference: {fileID: 0}
    - target: {fileID: 8197904058543254868, guid: 007dee9cd0fa3be478f55b74e6e6280c, type: 3}
      propertyPath: m_AnchoredPosition.y
      value: 0
      objectReference: {fileID: 0}
    - target: {fileID: 8197904059216222301, guid: 007dee9cd0fa3be478f55b74e6e6280c, type: 3}
      propertyPath: m_AnchorMax.y
      value: 0
      objectReference: {fileID: 0}
    - target: {fileID: 8197904059546959608, guid: 007dee9cd0fa3be478f55b74e6e6280c, type: 3}
      propertyPath: m_AnchorMax.y
      value: 0
      objectReference: {fileID: 0}
    - target: {fileID: 9217462705338000965, guid: 007dee9cd0fa3be478f55b74e6e6280c, type: 3}
      propertyPath: m_AnchorMax.y
      value: 0
      objectReference: {fileID: 0}
    - target: {fileID: 9217462706384197836, guid: 007dee9cd0fa3be478f55b74e6e6280c, type: 3}
      propertyPath: m_Name
      value: Canvas
      objectReference: {fileID: 0}
    - target: {fileID: 9217462706384197840, guid: 007dee9cd0fa3be478f55b74e6e6280c, type: 3}
      propertyPath: m_Pivot.x
      value: 0
      objectReference: {fileID: 0}
    - target: {fileID: 9217462706384197840, guid: 007dee9cd0fa3be478f55b74e6e6280c, type: 3}
      propertyPath: m_Pivot.y
      value: 0
      objectReference: {fileID: 0}
    - target: {fileID: 9217462706384197840, guid: 007dee9cd0fa3be478f55b74e6e6280c, type: 3}
      propertyPath: m_RootOrder
      value: 3
      objectReference: {fileID: 0}
    - target: {fileID: 9217462706384197840, guid: 007dee9cd0fa3be478f55b74e6e6280c, type: 3}
      propertyPath: m_AnchorMax.x
      value: 0
      objectReference: {fileID: 0}
    - target: {fileID: 9217462706384197840, guid: 007dee9cd0fa3be478f55b74e6e6280c, type: 3}
      propertyPath: m_AnchorMax.y
      value: 0
      objectReference: {fileID: 0}
    - target: {fileID: 9217462706384197840, guid: 007dee9cd0fa3be478f55b74e6e6280c, type: 3}
      propertyPath: m_AnchorMin.x
      value: 0
      objectReference: {fileID: 0}
    - target: {fileID: 9217462706384197840, guid: 007dee9cd0fa3be478f55b74e6e6280c, type: 3}
      propertyPath: m_AnchorMin.y
      value: 0
      objectReference: {fileID: 0}
    - target: {fileID: 9217462706384197840, guid: 007dee9cd0fa3be478f55b74e6e6280c, type: 3}
      propertyPath: m_SizeDelta.x
      value: 0
      objectReference: {fileID: 0}
    - target: {fileID: 9217462706384197840, guid: 007dee9cd0fa3be478f55b74e6e6280c, type: 3}
      propertyPath: m_SizeDelta.y
      value: 0
      objectReference: {fileID: 0}
    - target: {fileID: 9217462706384197840, guid: 007dee9cd0fa3be478f55b74e6e6280c, type: 3}
      propertyPath: m_LocalPosition.x
      value: 0
      objectReference: {fileID: 0}
    - target: {fileID: 9217462706384197840, guid: 007dee9cd0fa3be478f55b74e6e6280c, type: 3}
      propertyPath: m_LocalPosition.y
      value: 0
      objectReference: {fileID: 0}
    - target: {fileID: 9217462706384197840, guid: 007dee9cd0fa3be478f55b74e6e6280c, type: 3}
      propertyPath: m_LocalPosition.z
      value: 0
      objectReference: {fileID: 0}
    - target: {fileID: 9217462706384197840, guid: 007dee9cd0fa3be478f55b74e6e6280c, type: 3}
      propertyPath: m_LocalRotation.w
      value: 1
      objectReference: {fileID: 0}
    - target: {fileID: 9217462706384197840, guid: 007dee9cd0fa3be478f55b74e6e6280c, type: 3}
      propertyPath: m_LocalRotation.x
      value: 0
      objectReference: {fileID: 0}
    - target: {fileID: 9217462706384197840, guid: 007dee9cd0fa3be478f55b74e6e6280c, type: 3}
      propertyPath: m_LocalRotation.y
      value: 0
      objectReference: {fileID: 0}
    - target: {fileID: 9217462706384197840, guid: 007dee9cd0fa3be478f55b74e6e6280c, type: 3}
      propertyPath: m_LocalRotation.z
      value: 0
      objectReference: {fileID: 0}
    - target: {fileID: 9217462706384197840, guid: 007dee9cd0fa3be478f55b74e6e6280c, type: 3}
      propertyPath: m_AnchoredPosition.x
      value: 0
      objectReference: {fileID: 0}
    - target: {fileID: 9217462706384197840, guid: 007dee9cd0fa3be478f55b74e6e6280c, type: 3}
      propertyPath: m_AnchoredPosition.y
      value: 0
      objectReference: {fileID: 0}
    - target: {fileID: 9217462706384197840, guid: 007dee9cd0fa3be478f55b74e6e6280c, type: 3}
      propertyPath: m_LocalEulerAnglesHint.x
      value: 0
      objectReference: {fileID: 0}
    - target: {fileID: 9217462706384197840, guid: 007dee9cd0fa3be478f55b74e6e6280c, type: 3}
      propertyPath: m_LocalEulerAnglesHint.y
      value: 0
      objectReference: {fileID: 0}
    - target: {fileID: 9217462706384197840, guid: 007dee9cd0fa3be478f55b74e6e6280c, type: 3}
      propertyPath: m_LocalEulerAnglesHint.z
      value: 0
      objectReference: {fileID: 0}
    - target: {fileID: 9217462706384197841, guid: 007dee9cd0fa3be478f55b74e6e6280c, type: 3}
      propertyPath: _graph
      value: 
      objectReference: {fileID: 64498770}
    - target: {fileID: 9217462706384197841, guid: 007dee9cd0fa3be478f55b74e6e6280c, type: 3}
      propertyPath: _menuPresets.Array.size
      value: 9
      objectReference: {fileID: 0}
    - target: {fileID: 9217462706384197841, guid: 007dee9cd0fa3be478f55b74e6e6280c, type: 3}
      propertyPath: _menuPresets.Array.data[0].ID
      value: Rotate
      objectReference: {fileID: 0}
    - target: {fileID: 9217462706384197841, guid: 007dee9cd0fa3be478f55b74e6e6280c, type: 3}
      propertyPath: _menuPresets.Array.data[1].ID
      value: Clock
      objectReference: {fileID: 0}
    - target: {fileID: 9217462706384197841, guid: 007dee9cd0fa3be478f55b74e6e6280c, type: 3}
      propertyPath: _menuPresets.Array.data[2].ID
      value: RotSpeed
      objectReference: {fileID: 0}
    - target: {fileID: 9217462706384197841, guid: 007dee9cd0fa3be478f55b74e6e6280c, type: 3}
      propertyPath: _menuPresets.Array.data[3].ID
      value: Colors
      objectReference: {fileID: 0}
    - target: {fileID: 9217462706384197841, guid: 007dee9cd0fa3be478f55b74e6e6280c, type: 3}
      propertyPath: _menuPresets.Array.data[4].ID
      value: ColorS
      objectReference: {fileID: 0}
    - target: {fileID: 9217462706384197841, guid: 007dee9cd0fa3be478f55b74e6e6280c, type: 3}
      propertyPath: _menuPresets.Array.data[5].ID
      value: ColorL
      objectReference: {fileID: 0}
    - target: {fileID: 9217462706384197841, guid: 007dee9cd0fa3be478f55b74e6e6280c, type: 3}
      propertyPath: _menuPresets.Array.data[6].ID
      value: ColorMid
      objectReference: {fileID: 0}
    - target: {fileID: 9217462706384197841, guid: 007dee9cd0fa3be478f55b74e6e6280c, type: 3}
      propertyPath: _menuPresets.Array.data[7].ID
      value: LightIntensity
      objectReference: {fileID: 0}
    - target: {fileID: 9217462706384197841, guid: 007dee9cd0fa3be478f55b74e6e6280c, type: 3}
      propertyPath: _menuPresets.Array.data[8].ID
      value: LightColor
      objectReference: {fileID: 0}
    - target: {fileID: 9217462706384197841, guid: 007dee9cd0fa3be478f55b74e6e6280c, type: 3}
      propertyPath: _menuPresets.Array.data[0].Header
      value: Rotate Camera
      objectReference: {fileID: 0}
    - target: {fileID: 9217462706384197841, guid: 007dee9cd0fa3be478f55b74e6e6280c, type: 3}
      propertyPath: _menuPresets.Array.data[0].Preset
      value: 
      objectReference: {fileID: 11400000, guid: 8ff3c3a0dd4a9f6478c35285455148e2, type: 2}
    - target: {fileID: 9217462706384197841, guid: 007dee9cd0fa3be478f55b74e6e6280c, type: 3}
      propertyPath: _menuPresets.Array.data[1].Header
      value: Clockwise
      objectReference: {fileID: 0}
    - target: {fileID: 9217462706384197841, guid: 007dee9cd0fa3be478f55b74e6e6280c, type: 3}
      propertyPath: _menuPresets.Array.data[1].Preset
      value: 
      objectReference: {fileID: 11400000, guid: 8ff3c3a0dd4a9f6478c35285455148e2, type: 2}
    - target: {fileID: 9217462706384197841, guid: 007dee9cd0fa3be478f55b74e6e6280c, type: 3}
      propertyPath: _menuPresets.Array.data[2].Header
      value: Rotation Speed
      objectReference: {fileID: 0}
    - target: {fileID: 9217462706384197841, guid: 007dee9cd0fa3be478f55b74e6e6280c, type: 3}
      propertyPath: _menuPresets.Array.data[2].Preset
      value: 
      objectReference: {fileID: 11400000, guid: e91c76cd858783d409ae70e7fea34c06, type: 2}
    - target: {fileID: 9217462706384197841, guid: 007dee9cd0fa3be478f55b74e6e6280c, type: 3}
      propertyPath: _menuPresets.Array.data[3].Header
      value: Colors
      objectReference: {fileID: 0}
    - target: {fileID: 9217462706384197841, guid: 007dee9cd0fa3be478f55b74e6e6280c, type: 3}
      propertyPath: _menuPresets.Array.data[3].Preset
      value: 
      objectReference: {fileID: 11400000, guid: a099e65678d356d4c96ab9cf25d2d75a, type: 2}
    - target: {fileID: 9217462706384197841, guid: 007dee9cd0fa3be478f55b74e6e6280c, type: 3}
      propertyPath: _menuPresets.Array.data[4].Header
      value: ColorS
      objectReference: {fileID: 0}
    - target: {fileID: 9217462706384197841, guid: 007dee9cd0fa3be478f55b74e6e6280c, type: 3}
      propertyPath: _menuPresets.Array.data[4].Preset
      value: 
      objectReference: {fileID: 11400000, guid: be2fe33315b371e479f054ac4378fee7, type: 2}
    - target: {fileID: 9217462706384197841, guid: 007dee9cd0fa3be478f55b74e6e6280c, type: 3}
      propertyPath: _menuPresets.Array.data[5].Header
      value: ColorL
      objectReference: {fileID: 0}
    - target: {fileID: 9217462706384197841, guid: 007dee9cd0fa3be478f55b74e6e6280c, type: 3}
      propertyPath: _menuPresets.Array.data[5].Preset
      value: 
      objectReference: {fileID: 11400000, guid: be2fe33315b371e479f054ac4378fee7, type: 2}
    - target: {fileID: 9217462706384197841, guid: 007dee9cd0fa3be478f55b74e6e6280c, type: 3}
      propertyPath: _menuPresets.Array.data[6].Header
      value: ColorMid
      objectReference: {fileID: 0}
    - target: {fileID: 9217462706384197841, guid: 007dee9cd0fa3be478f55b74e6e6280c, type: 3}
      propertyPath: _menuPresets.Array.data[6].Preset
      value: 
      objectReference: {fileID: 11400000, guid: be2fe33315b371e479f054ac4378fee7, type: 2}
    - target: {fileID: 9217462706384197841, guid: 007dee9cd0fa3be478f55b74e6e6280c, type: 3}
      propertyPath: _menuPresets.Array.data[7].Header
      value: LightIntensity
      objectReference: {fileID: 0}
    - target: {fileID: 9217462706384197841, guid: 007dee9cd0fa3be478f55b74e6e6280c, type: 3}
      propertyPath: _menuPresets.Array.data[7].Preset
      value: 
      objectReference: {fileID: 11400000, guid: e91c76cd858783d409ae70e7fea34c06, type: 2}
    - target: {fileID: 9217462706384197841, guid: 007dee9cd0fa3be478f55b74e6e6280c, type: 3}
      propertyPath: _menuPresets.Array.data[8].Header
      value: LightColor
      objectReference: {fileID: 0}
    - target: {fileID: 9217462706384197841, guid: 007dee9cd0fa3be478f55b74e6e6280c, type: 3}
      propertyPath: _menuPresets.Array.data[8].Preset
      value: 
      objectReference: {fileID: 11400000, guid: be2fe33315b371e479f054ac4378fee7, type: 2}
    - target: {fileID: 9217462706545557034, guid: 007dee9cd0fa3be478f55b74e6e6280c, type: 3}
      propertyPath: m_AnchorMax.y
      value: 0
      objectReference: {fileID: 0}
    - target: {fileID: 9217462706545557034, guid: 007dee9cd0fa3be478f55b74e6e6280c, type: 3}
      propertyPath: m_AnchorMin.y
      value: 0
      objectReference: {fileID: 0}
    - target: {fileID: 9217462706545557034, guid: 007dee9cd0fa3be478f55b74e6e6280c, type: 3}
      propertyPath: m_AnchoredPosition.x
      value: 0
      objectReference: {fileID: 0}
    - target: {fileID: 9217462706545557034, guid: 007dee9cd0fa3be478f55b74e6e6280c, type: 3}
      propertyPath: m_AnchoredPosition.y
      value: 0
      objectReference: {fileID: 0}
    - target: {fileID: 9217462706614203881, guid: 007dee9cd0fa3be478f55b74e6e6280c, type: 3}
      propertyPath: m_AnchorMax.y
      value: 0
      objectReference: {fileID: 0}
    - target: {fileID: 9217462706614203881, guid: 007dee9cd0fa3be478f55b74e6e6280c, type: 3}
      propertyPath: m_AnchorMin.y
      value: 0
      objectReference: {fileID: 0}
    - target: {fileID: 9217462706614203881, guid: 007dee9cd0fa3be478f55b74e6e6280c, type: 3}
      propertyPath: m_AnchoredPosition.x
      value: 0
      objectReference: {fileID: 0}
    - target: {fileID: 9217462706614203881, guid: 007dee9cd0fa3be478f55b74e6e6280c, type: 3}
      propertyPath: m_AnchoredPosition.y
      value: 0
      objectReference: {fileID: 0}
    - target: {fileID: 9217462707287130336, guid: 007dee9cd0fa3be478f55b74e6e6280c, type: 3}
      propertyPath: m_AnchorMax.y
      value: 0
      objectReference: {fileID: 0}
    m_RemovedComponents: []
  m_SourcePrefab: {fileID: 100100000, guid: 007dee9cd0fa3be478f55b74e6e6280c, type: 3}
